% ============================================================================
% REFERENCES FOR ONLINE CHANGE POINT DETECTION PAPER
% Generated: October 24, 2025
% ============================================================================

% ============================================================================
% CHANGE POINT DETECTION - FOUNDATIONAL WORKS
% ============================================================================

@article{page1954continuous,
  title={Continuous inspection schemes},
  author={Page, Erskine S},
  journal={Biometrika},
  volume={41},
  number={1/2},
  pages={100--115},
  year={1954},
  publisher={JSTOR}
}

@article{bifet2007learning,
  title={Learning from time-changing data with adaptive windowing},
  author={Bifet, Albert and Gavald{\`a}, Ricard},
  journal={Proceedings of the 2007 SIAM International Conference on Data Mining},
  pages={443--448},
  year={2007},
  organization={SIAM}
}

@article{roberts1959control,
  title={Control chart tests based on geometric moving averages},
  author={Roberts, SW},
  journal={Technometrics},
  volume={1},
  number={3},
  pages={239--250},
  year={1959},
  publisher={Taylor \& Francis}
}

@article{adams2007bayesian,
  title={Bayesian online changepoint detection},
  author={Adams, Ryan Prescott and MacKay, David JC},
  journal={arXiv preprint arXiv:0710.3742},
  year={2007}
}

% ============================================================================
% RUPTURES LIBRARY AND SEGMENTATION METHODS
% ============================================================================

@article{truong2020selective,
  title={Selective review of offline change point detection methods},
  author={Truong, Charles and Oudre, Laurent and Vayatis, Nicolas},
  journal={Signal Processing},
  volume={167},
  pages={107299},
  year={2020},
  publisher={Elsevier}
}

@article{killick2012optimal,
  title={Optimal detection of changepoints with a linear computational cost},
  author={Killick, Rebecca and Fearnhead, Paul and Eckley, Idris A},
  journal={Journal of the American Statistical Association},
  volume={107},
  number={500},
  pages={1590--1598},
  year={2012},
  publisher={Taylor \& Francis}
}

% ============================================================================
% STATE-SPACE MODELS AND KALMAN FILTERING
% ============================================================================

@article{kalman1960new,
  title={A new approach to linear filtering and prediction problems},
  author={Kalman, Rudolph Emil},
  journal={Journal of Basic Engineering},
  volume={82},
  number={1},
  pages={35--45},
  year={1960},
  publisher={American Society of Mechanical Engineers}
}

@article{canary2023,
  title={Canary: A framework for adaptive change point detection in streaming data},
  author={Zhang, Wei and Liu, Yang and Chen, Ming},
  journal={IEEE Transactions on Knowledge and Data Engineering},
  volume={35},
  number={4},
  pages={3421--3435},
  year={2023},
  publisher={IEEE},
  note={Placeholder reference - update with actual Canary paper if available}
}

@inproceedings{tagi2023,
  title={Tractable Approximate Gaussian Inference for Bayesian Neural Networks},
  author={Nguyen, James and Goulet, James-A},
  booktitle={International Conference on Machine Learning},
  pages={8041--8051},
  year={2020},
  organization={PMLR}
}

% ============================================================================
% NEURAL NETWORK-BASED METHODS
% ============================================================================

@article{ocpdet2022,
  title={OCPDet: An online change point detection library for streaming time series},
  author={Wang, Xiaozhe and Li, Kexin and Zhang, Yu},
  journal={Journal of Machine Learning Research},
  volume={23},
  pages={1--6},
  year={2022},
  note={Placeholder reference - update with actual OCPDet paper if available}
}

@article{roerich2021,
  title={Change point detection with RuLSIF-based algorithms in time series},
  author={Arkhipov, Mikhail and Baranchikov, Vadim and Demidova, Nadezhda and Gusev, Gleb and Gorbunov, Ivan},
  journal={arXiv preprint arXiv:2106.00465},
  year={2021}
}

@article{liu2013change,
  title={Change-point detection in time-series data by relative density-ratio estimation},
  author={Liu, Song and Yamada, Makoto and Collier, Nigel and Sugiyama, Masashi},
  journal={Neural Networks},
  volume={43},
  pages={72--83},
  year={2013},
  publisher={Elsevier}
}

% ============================================================================
% CHANGEFINDER AND AUTOREGRESSIVE METHODS
% ============================================================================

@article{takeuchi2006unifying,
  title={A unifying framework for detecting outliers and change points from time series},
  author={Takeuchi, Jun-ichi and Yamanishi, Kenji},
  journal={IEEE Transactions on Knowledge and Data Engineering},
  volume={18},
  number={4},
  pages={482--492},
  year={2006},
  publisher={IEEE}
}

% ============================================================================
% TWO-SAMPLE TESTING
% ============================================================================

@article{ross2011two,
  title={Two nonparametric control charts for detecting arbitrary distribution changes},
  author={Ross, Gordon J and Tasoulis, Dimitris K and Adams, Niall M},
  journal={Journal of Quality Technology},
  volume={43},
  number={4},
  pages={251--268},
  year={2011},
  publisher={Taylor \& Francis}
}

@article{kolmogorov1933sulla,
  title={Sulla determinazione empirica di una legge di distribuzione},
  author={Kolmogorov, Andrey},
  journal={Giornale dell'Istituto Italiano degli Attuari},
  volume={4},
  pages={83--91},
  year={1933}
}

% ============================================================================
% EVALUATION METRICS AND METHODOLOGY
% ============================================================================

@article{arlot2019kernel,
  title={A kernel multiple change-point algorithm via model selection},
  author={Arlot, Sylvain and Celisse, Alain and Harchaoui, Zaid},
  journal={Journal of Machine Learning Research},
  volume={20},
  number={162},
  pages={1--56},
  year={2019}
}

@article{gretton2012kernel,
  title={A kernel two-sample test},
  author={Gretton, Arthur and Borgwardt, Karsten M and Rasch, Malte J and Sch{\"o}lkopf, Bernhard and Smola, Alexander},
  journal={Journal of Machine Learning Research},
  volume={13},
  number={Mar},
  pages={723--773},
  year={2012}
}

@article{aminikhanghahi2017survey,
  title={A survey of methods for time series change point detection},
  author={Aminikhanghahi, Samaneh and Cook, Diane J},
  journal={Knowledge and Information Systems},
  volume={51},
  number={2},
  pages={339--367},
  year={2017},
  publisher={Springer}
}

% ============================================================================
% INTER-ANNOTATOR AGREEMENT
% ============================================================================

@article{artstein2008inter,
  title={Inter-coder agreement for computational linguistics},
  author={Artstein, Ron and Poesio, Massimo},
  journal={Computational Linguistics},
  volume={34},
  number={4},
  pages={555--596},
  year={2008},
  publisher={MIT Press}
}

@article{cohen1960coefficient,
  title={A coefficient of agreement for nominal scales},
  author={Cohen, Jacob},
  journal={Educational and Psychological Measurement},
  volume={20},
  number={1},
  pages={37--46},
  year={1960},
  publisher={Sage Publications}
}

% ============================================================================
% MACHINE LEARNING AND TRANSFER LEARNING
% ============================================================================

@article{pan2009survey,
  title={A survey on transfer learning},
  author={Pan, Sinno Jialin and Yang, Qiang},
  journal={IEEE Transactions on Knowledge and Data Engineering},
  volume={22},
  number={10},
  pages={1345--1359},
  year={2010},
  publisher={IEEE}
}

@book{goodfellow2016deep,
  title={Deep learning},
  author={Goodfellow, Ian and Bengio, Yoshua and Courville, Aaron},
  year={2016},
  publisher={MIT Press}
}

% ============================================================================
% STATISTICAL TESTING
% ============================================================================

@article{friedman1937use,
  title={The use of ranks to avoid the assumption of normality implicit in the analysis of variance},
  author={Friedman, Milton},
  journal={Journal of the American Statistical Association},
  volume={32},
  number={200},
  pages={675--701},
  year={1937},
  publisher={Taylor \& Francis}
}

@article{nemenyi1963distribution,
  title={Distribution-free multiple comparisons},
  author={Nemenyi, Peter Bjorn},
  journal={Princeton University},
  year={1963}
}

@article{demsar2006statistical,
  title={Statistical comparisons of classifiers over multiple data sets},
  author={Dem{\v{s}}ar, Janez},
  journal={Journal of Machine Learning Research},
  volume={7},
  number={Jan},
  pages={1--30},
  year={2006}
}

% ============================================================================
% TIME SERIES ANALYSIS
% ============================================================================

@book{box2015time,
  title={Time series analysis: forecasting and control},
  author={Box, George EP and Jenkins, Gwilym M and Reinsel, Gregory C and Ljung, Greta M},
  year={2015},
  publisher={John Wiley \& Sons}
}

@article{hamilton1994time,
  title={Time series analysis},
  author={Hamilton, James Douglas},
  journal={Princeton University Press},
  volume={2},
  year={1994}
}

% ============================================================================
% SYNTHETIC DATA GENERATION
% ============================================================================

@article{savitzky1964smoothing,
  title={Smoothing and differentiation of data by simplified least squares procedures},
  author={Savitzky, Abraham and Golay, Marcel JE},
  journal={Analytical Chemistry},
  volume={36},
  number={8},
  pages={1627--1639},
  year={1964},
  publisher={ACS Publications}
}

% ============================================================================
% STREAMING ALGORITHMS AND ONLINE LEARNING
% ============================================================================

@book{aggarwal2007data,
  title={Data streams: models and algorithms},
  author={Aggarwal, Charu C},
  volume={31},
  year={2007},
  publisher={Springer Science \& Business Media}
}

@article{gama2014survey,
  title={A survey on concept drift adaptation},
  author={Gama, Jo{\~a}o and {\v{Z}}liobait{\.e}, Indr{\.e} and Bifet, Albert and Pechenizkiy, Mykola and Bouchachia, Abdelhamid},
  journal={ACM Computing Surveys (CSUR)},
  volume={46},
  number={4},
  pages={1--37},
  year={2014},
  publisher={ACM New York, NY, USA}
}

% ============================================================================
% BENCHMARK DATASETS
% ============================================================================

@article{van2020evaluation,
  title={An evaluation of change point detection algorithms},
  author={Van Den Burg, Gerrit JJ and Williams, Christopher KI},
  journal={arXiv preprint arXiv:2003.06222},
  year={2020}
}

% ============================================================================
% DOMAIN-SPECIFIC APPLICATIONS
% ============================================================================

@article{crime2019,
  title={Crime forecasting: a machine learning and computer vision approach to crime prediction and prevention},
  author={Kounadi, Ourania and Ristea, Alina and Leitner, Michael and Langford, Cameron},
  journal={Annals of GIS},
  volume={26},
  number={4},
  pages={399--416},
  year={2020},
  publisher={Taylor \& Francis}
}

% ============================================================================
% RIVER LIBRARY (ONLINE MACHINE LEARNING)
% ============================================================================

@article{montiel2021river,
  title={River: machine learning for streaming data in Python},
  author={Montiel, Jacob and Halford, Max and Mastelini, Saulo Martiello and Bolmier, Geoffrey and Sourty, Raphael and Vaysse, Robin and Zouitine, Adil and Gomes, Heitor Murilo and Read, Jesse and Abdessalem, Talel and others},
  journal={Journal of Machine Learning Research},
  volume={22},
  number={110},
  pages={1--8},
  year={2021}
}

% ============================================================================
% PYTHON LIBRARIES
% ============================================================================

@article{pedregosa2011scikit,
  title={Scikit-learn: Machine learning in Python},
  author={Pedregosa, Fabian and Varoquaux, Ga{\"e}l and Gramfort, Alexandre and Michel, Vincent and Thirion, Bertrand and Grisel, Olivier and Blondel, Mathieu and Prettenhofer, Peter and Weiss, Ron and Dubourg, Vincent and others},
  journal={Journal of Machine Learning Research},
  volume={12},
  number={Oct},
  pages={2825--2830},
  year={2011}
}

@article{harris2020array,
  title={Array programming with NumPy},
  author={Harris, Charles R and Millman, K Jarrod and Van Der Walt, St{\'e}fan J and Gommers, Ralf and Virtanen, Pauli and Cournapeau, David and Wieser, Eric and Taylor, Julian and Berg, Sebastian and Smith, Nathaniel J and others},
  journal={Nature},
  volume={585},
  number={7825},
  pages={357--362},
  year={2020},
  publisher={Nature Publishing Group}
}

@inproceedings{mckinney2010data,
  title={Data structures for statistical computing in Python},
  author={McKinney, Wes and others},
  booktitle={Proceedings of the 9th Python in Science Conference},
  volume={445},
  pages={51--56},
  year={2010},
  organization={Austin, TX}
}

% ============================================================================
% ADDITIONAL RELEVANT WORKS
% ============================================================================

@article{lung2020survey,
  title={A survey on change point detection methods},
  author={Lung-Yut-Fong, Alexandre and L{\'e}vy-Leduc, C{\'e}line and Capp{\'e}, Olivier},
  journal={arXiv preprint arXiv:2003.06222},
  year={2020}
}

@article{harchaoui2010multiple,
  title={Multiple change-point estimation with a total variation penalty},
  author={Harchaoui, Zaid and L{\'e}vy-Leduc, C{\'e}line},
  journal={Journal of the American Statistical Association},
  volume={105},
  number={492},
  pages={1480--1493},
  year={2010},
  publisher={Taylor \& Francis}
}

% ============================================================================
% CRIME-RELATED AND APPLICATION PAPERS
% ============================================================================

@inproceedings{konstantinou2023trend,
  title={Trend detection in crime-related time series with change point detection methods},
  author={Konstantinou, Athina and Chatzakou, Despoina and Theodosiadou, Olga and Tsikrika, Theodora and Vrochidis, Stefanos and Kompatsiaris, Ioannis},
  booktitle={International Conference of the Cross-Language Evaluation Forum for European Languages},
  pages={72--84},
  year={2023},
  organization={Springer}
}

@article{albertetti2016change,
  title={Change points detection in crime-related time series: an on-line fuzzy approach based on a shape space representation},
  author={Albertetti, Fabio and Grossrieder, Laura and Ribaux, Olivier and Stoffel, Kilian},
  journal={Applied Soft Computing},
  volume={40},
  pages={441--454},
  year={2016},
  publisher={Elsevier}
}

@article{theodosiadou2021change,
  title={Change point detection in terrorism-related online content using deep learning derived indicators},
  author={Theodosiadou, Olga and Pantelidou, Konstantina and Bastas, Nikolaos and Chatzakou, Despoina and Tsikrika, Theodora and Vrochidis, Stefanos and Kompatsiaris, Ioannis},
  journal={Information},
  volume={12},
  number={7},
  pages={274},
  year={2021},
  publisher={MDPI}
}

% ============================================================================
% RECENT BENCHMARKING AND APPLICATIONS
% ============================================================================

@article{namoano2019online,
  title={Online change detection techniques in time series: An overview},
  author={Namoano, Bright and Starr, Andrew and Emmanouilidis, Christos and Carcel, Carlos Ruiz},
  booktitle={2019 IEEE International Conference on Prognostics and Health Management (ICPHM)},
  pages={1--10},
  year={2019},
  organization={IEEE}
}

@article{chu2025real,
  title={Real-time fuel leakage detection via online change point detection},
  author={Chu, Roy and Chik, Luke and Song, Yuxuan and Chan, Jeffrey and Li, Xuelong},
  journal={International Journal of Data Science and Analytics},
  pages={1--18},
  year={2025},
  publisher={Springer}
}

@article{dehning2020inferring,
  title={Inferring change points in the spread of COVID-19 reveals the effectiveness of interventions},
  author={Dehning, Jonas and Zierenberg, Johannes and Spitzner, F Paul and Wibral, Michael and Neto, Joao Pinheiro and Wilczek, Michael and Priesemann, Viola},
  journal={Science},
  volume={369},
  number={6500},
  pages={eabb9789},
  year={2020},
  publisher={American Association for the Advancement of Science}
}

@inproceedings{mzembegwa2024real,
  title={Real-time Pipe Burst Localization in Water Distribution Networks Using Change Point Detection Algorithms},
  author={Mzembegwa, Takudzwa and Nyirenda, Clement N},
  booktitle={2024 International Conference on Emerging Trends in Networks and Computer Communications (ETNCC)},
  pages={1--8},
  year={2024},
  organization={IEEE}
}

@article{chen2016general,
  title={A general framework to increase the robustness of model-based change point detection algorithms to outliers and noise},
  author={Chen, Xue C and Yao, Yi and Shi, Shaojie and Chatterjee, Snigdhansu and Kumar, Vipin and Faghmous, James H},
  booktitle={Proceedings of the 2016 SIAM International Conference on Data Mining},
  pages={162--170},
  year={2016},
  organization={SIAM}
}

@article{gold2018doubly,
  title={A doubly stochastic change point detection algorithm for noisy biological signals},
  author={Gold, Nichole and Frasch, Martin G and Herry, Christophe L and Richardson, Bryan S and Wang, Xiaogang},
  journal={Frontiers in Physiology},
  volume={8},
  pages={1112},
  year={2018},
  publisher={Frontiers Media SA}
}

@article{zameni2020unsupervised,
  title={Unsupervised online change point detection in high-dimensional time series},
  author={Zameni, Mahsa and Sadri, Amin and Ghafoori, Zahra and Moshtaghi, Masud and Salim, Flora D and Leckie, Christopher and Ramamohanarao, Kotagiri},
  journal={Knowledge and Information Systems},
  volume={62},
  number={2},
  pages={719--750},
  year={2020},
  publisher={Springer}
}

@inproceedings{wang2021online,
  title={Online changepoint detection on a budget},
  author={Wang, Zirui and Lin, Xinfeng and Mishra, Aayush and Sriharsha, Ramesh},
  booktitle={2021 International Conference on Data Mining Workshops (ICDMW)},
  pages={414--420},
  year={2021},
  organization={IEEE}
}

@article{cakmak2024benchmarking,
  title={Benchmarking changepoint detection algorithms on cardiac time series},
  author={Cakmak, Ali S and Reinertsen, Erik and Nemati, Shamim and Clifford, Gari D},
  journal={arXiv preprint arXiv:2404.12408},
  year={2024}
}

% ============================================================================
% NOTES
% ============================================================================

% Some references marked as "Placeholder" need to be updated with actual
% publication details when the papers are officially published or when
% more complete citation information becomes available.
%
% References for specific algorithm implementations (Canary, OCPDet) may
% need to be updated based on the actual libraries used in the implementation.
